3067 4800
265 289 343 365 418
599 294 787 365 GEORGII
806 293 1020 366 sinuum

264 466 347 550 βολῇ
372 453 493 546 μεγάλα
520 455 574 526 καλ
597 453 803 548 ὑπερήφανα,
830 459 1037 546 συνετελέσθη
1059 457 1188 549 ἦμίραις
1209 458 1255 530 ιε’.
1283 461 1316 529 ἓν
1343 463 1382 529 δὲ

266 576 334 643 ταῖς
344 563 512 648 βασιλείοις
524 558 647 641 τοάτοις
660 560 871 648 ἀναλήμματα
884 567 992 631 λίθινα
1005 562 1115 649 διμηλδ
1129 563 1381 650 ἀνοικοδομήσας

237 671 320 736 Βκαδ
333 666 390 752 τὴν
403 666 478 750 ὄψιν
491 664 630 744 άνισδσδς
642 663 830 752 ὁμοιοτάτην
843 677 908 746 τσΐς
921 667 1024 756 ὄρεσι,
1055 666 1294 756 καταφυτεύσας
1307 670 1377 734 δίν-

266 775 353 856 δρεσι
378 772 606 852 παντοδαποῖς,
631 766 846 857 ἐξειργάσατο·
881 773 933 837 καὶ
954 769 1158 838 κατεσκεύασε
1181 773 1235 839 τὸν
1258 770 1376 838 καλοδ-

264 900 357 959 μενον
377 872 552 959 κρεμαστὸν
574 870 761 959 παράδεισον
767 921 778 956 ,
807 873 859 940 διὰ
880 874 915 942 τδ
930 875 988 960 τὴν
1002 885 1132 960 γυναῖκα
1146 875 1242 942 αὐτοῦ
1259 877 1399 941 ἐπιθυ-5

264 989 334 1063 μεῖν
356 982 414 1062 τῆς
434 976 537 1062 ὀρείας
553 977 741 1056 διαθέσεως,
770 978 990 1064 τεθραμμένην
1004 980 1037 1046 ἓν
1050 989 1117 1056 τοῖς
1131 979 1212 1045 κατά
1228 976 1375 1064 Μήδειαν

265 1078 382 1157 τόσοις.
415 1087 518 1146 ταῦτα
539 1076 556 1146 δ
580 1078 755 1168 Βήρωσσος
775 1081 896 1168 ἶστορεΐ
908 1084 978 1169 περὶ
998 1089 1055 1148 τοῦ
1080 1079 1374 1171 Ναβουχοδονόσωρ

265 1187 318 1250 καὶ
337 1184 428 1270 δ’τερα
448 1189 576 1250 πλεῖστα
596 1185 628 1250 δν
649 1185 738 1272 τρίτη
752 1193 816 1252 τῶν
827 1189 1019 1252 Χαλδαϊκῶν
1032 1188 1154 1274 βίβλῳ,
1176 1183 1375 1274 μεμφόμενος

263 1297 330 1363 τοῖς
350 1288 477 1368 ψευδῶς
499 1283 659 1373 γράψασιν
687 1284 842 1372 Ἑλλήνων
864 1289 1031 1376 δυτορικοΐς
1050 1286 1112 1355 διεδ
1132 1295 1190 1373 τῆς
1206 1289 1374 1375 Ἀσσυρίας

265 1386 466 1476 Σεμιράμεως
485 1398 651 1475 κτισθῆναι
666 1395 847 1474 Βαβυλῶνα
865 1397 916 1458 καὶ
932 1393 971 1458 τά
996 1391 1068 1460 κατ’
1082 1390 1182 1484 αὐτὴν
1193 1389 1369 1476 θαυμάσια.
1382 1405 1421 1458 10

148 1511 182 1566 v.
200 1512 252 1570 177
347 1493 412 1559 Τδν
429 1493 550 1579 Φαραῶ
563 1493 979 1584 ΝεχαιδΝαβουχοδονδσωρ
994 1497 1126 1585 δευτίριρ
1141 1494 1199 1561 ἕνα
1214 1502 1269 1579 τῆς
1278 1503 1373 1578 βασι-

262 1597 345 1673 λείας
361 1596 459 1662 αδταῦ
475 1597 575 1664 άνεΐλε
590 1597 672 1664 κατὰ
687 1598 741 1664 τδν
755 1596 926 1686 Εὐφράτην
942 1602 991 1666 ἐντί
1006 1596 1093 1687 μάχῃ
1111 1606 1257 1689 κρατερᾷ,
1273 1597 1298 1664 ε’
1314 1599 1374 1666 ἔτει

237 1683 404 1783 cidonitae
429 1699 607 1788 άρχομίνιρ,
633 1703 684 1766 καὶ
712 1701 817 1769 laeda
842 1705 892 1768 inl
909 1703 1049 1788 Ἰωακεδμ
1070 1705 1121 1769 καί
1144 1701 1201 1788 τὴν
1217 1701 1372 1769 Ἰουδαίαν

263 1799 520 1869 κατεδουλώσατο
536 1804 591 1869 τδν
602 1804 743 1888 Ἰωακεδμ
757 1803 785 1891 γ’
799 1804 863 1891 δ’τη,
882 1805 924 1884 ῶς
939 1832 1035 1894 φησιν
1051 1803 1071 1892 ἦ
1087 1803 1115 1872 δ’
1129 1813 1193 1872 τῶν
1206 1811 1372 1888 βασιλειῶν

262 1907 315 1971 καὶ
336 1903 358 1990 ἦ
378 1903 411 1988 β’
425 1912 489 1970 τῶν
509 1909 805 1992 Παραλειαυμίνων.
830 1913 882 1976 καί
893 1909 972 1993 μετά
986 1912 1058 1996 τρία
1069 1910 1121 1996 δ’τη
1140 1909 1294 1994 η’θίτησεν
1311 1908 1367 1974 αδ·
1379 1916 1417 1971 15

262 2016 307 2098 τῷ
315 2056 327 2090 ,
355 2011 408 2075 καὶ
422 2007 579 2076 άντίστειλε
594 2008 699 2095 κδριος
718 2012 805 2101 αὐτῷ
825 2014 899 2090 τοδς
910 2011 1106 2098 μανοζῶνους
1120 2019 1184 2080 τῶν
1198 2013 1370 2078 Χαλδαίων

262 2115 314 2178 καί
337 2111 411 2190 rode
425 2109 621 2196 μονσζῶνσυς
634 2118 752 2201 Συρίας
767 2118 819 2181 καὶ
842 2118 955 2200 Mota
982 2119 1033 2183 καὶ
1058 2117 1133 2184 υἱῶν
1149 2114 1290 2198 Ἀμμῶν,
1318 2117 1371 2182 καί

260 2218 450 2300 κατίσχυσαν
474 2216 507 2282 ἐν
527 2223 566 2304 γῇ
579 2215 692 2293 florido
714 2218 795 2300 κατὰ
810 2219 864 2286 τδν
890 2219 982 2306 λόγον
997 2223 1105 2308 κυρίου
1124 2219 1160 2287 ὃν
1176 2215 1323 2303 ἐλάλησεν
1337 2220 1370 2284 ίν

255 2321 337 2407 χειρί
360 2316 603 2392 δοάλωναδτοῶ
626 2328 690 2388 τῶν
703 2329 884 2411 προφητῶν.
911 2330 1013 2391 ταῦτα
1028 2323 1108 2411 παρ’
1126 2321 1233 2398 αδτοῖς
1247 2319 1371 2411 κρυφη-

327 2467 355 2523 2.
375 2464 463 2547 Volgo
479 2461 654 2537 άναλήματσ.
746 2466 774 2523 4.
799 2466 964 2541 ἐξεργάσατο
986 2470 1019 2525 B.
1121 2466 1320 2524 κατεσκεύασεν
1335 2469 1368 2522 Β.

327 2552 532 2599 κατεσκευασας
546 2542 577 2590 Α.
596 2536 806 2602 κατασκευάσας
817 2540 853 2592 G.
922 2544 948 2597 5.
964 2537 1139 2609 κρεμμαστδν
1152 2538 1231 2610 παρά
1245 2534 1367 2603 detrich.

380 2607 406 2661 6.
425 2602 529 2676 ὀρείας]
551 2606 635 2675 Vulgo
657 2602 744 2676 ὁρίας.
777 2608 928 2662 Correctum
945 2626 978 2663 ax
998 2608 1107 2678 losepho
1125 2626 1148 2661 c.
1166 2608 1259 2679 Apion.
1277 2610 1305 2672 l,
1326 2611 1365 2662 19.

328 2673 380 2727 vol.
396 2674 431 2727 11.
450 2692 476 2745 p.
489 2673 550 2730 451.
628 2674 771 2745 Μήδειαν]
790 2680 906 2746 Μηδίαν
920 2686 948 2731 et
967 2678 1010 2731 hio
1026 2678 1206 2747 oorrigendum
1221 2685 1248 2731 et
1259 2678 1366 2738 obitura-

348 2761 381 2796 ua
392 2743 435 2797 vel
453 2746 503 2797 hoo
516 2744 591 2798 modo
609 2746 652 2800 vel
669 2747 801 2815 Μηδείαυ
821 2746 946 2818 scriptum
959 2748 1081 2817 legitur.-
1156 2750 1181 2802 7.
1206 2745 1367 2816 Βὴρωσσσς]

336 2812 418 2951 ‘ako
438 2812 592 2883 Βηρωσσδς.
687 2820 729 2872 12.
754 2814 821 2883 ἔτει]
841 2814 888 2885 ἔτη
906 2820 937 2873 Α.
1040 2815 1081 2874 14.
1108 2813 1172 2885 ἔτη]
1191 2814 1245 2871 iam
1263 2818 1298 2871 G.

328 2901 347 2954 η
419 2882 484 2954 Cap.
498 2883 543 2938 24.
637 2888 680 2941 15.
699 2881 767 2956 aid]
789 2886 854 2955 Cap.
867 2888 911 2941 ³6.
1004 2886 1046 2943 17.
1065 2885 1148 2957 μαάβ
1161 2886 1191 2942 Β.
1214 2886 1312 2955 Modo
1328 2886 1366 2941 G.

325 3024 383 3078 w
400 2954 445 3075 ii&
468 2957 638 3024 κατίσχυσαν
650 2956 684 3009 Β.
710 2957 875 3025 κατίσχυσεν
893 2954 931 3008 G.
1023 2952 1054 3010 lo
1068 2956 1104 3028 τῇ
1123 2956 1194 3025 mol
1217 2958 1275 3011 τῶν
1294 2952 1366 3011 dod-

256 3146 343 3197 tameu
354 3141 416 3196 som
428 3140 574 3213 quindecim
588 3141 708 3197 absoluta
722 3147 764 3196 eat
778 3148 806 3197 al
818 3142 944 3211 perlecta.
979 3140 1066 3226 Regia
1077 3140 1105 3195 in
1116 3142 1160 3197 illa
1174 3138 1252 3197 mol'eo
1270 3140 1365 3211 elapi-

257 3211 334 3265 diboa
357 3212 489 3266 exstruxit
508 3212 640 3278 axoelau,
667 3213 820 3283 eaedemque
838 3212 918 3266 variia
943 3212 1080 3267 arboraboa
1100 3213 1228 3279 consitae,
1253 3212 1365 3283 speciem

256 3282 385 3334 montibna
398 3299 476 3351 quam
486 3282 637 3335 almillimam
654 3284 755 3336 referre
769 3280 935 3351 excogitavit.
970 3281 1040 3335 Hinc
1054 3282 1123 3335 horti
1144 3284 1285 3352 nuncupati
1301 3299 1365 3352 pen·

256 3350 334 3415 ailae,
370 3350 444 3404 albor
456 3368 562 3405 uxoren
574 3351 602 3405 in
614 3352 703 3406 Media
716 3352 850 3405 educatam
865 3359 892 3404 et
911 3350 1022 3404 iucundo
1043 3368 1164 3419 agrorum
1184 3369 1214 3405 ao
1234 3368 1364 3405 nemorum

256 3419 309 3472 aito
326 3368 451 3473 ddectarl
468 3421 570 3474 solitam
586 3422 638 3474 albi
658 3421 819 3476 conciliabat
855 3422 929 3477 Haeo
943 3422 1054 3476 Baroaua
1075 3430 1102 3475 et
1122 3420 1174 3474 alia
1193 3421 1317 3491 pleraque
1331 3420 1365 3475 de

256 3488 497 3551 Nabuchodonosor
515 3492 596 3543 tertio
609 3490 805 3545 Chaldaioarom
824 3490 1005 3559 antiquitatum
1027 3490 1093 3543 libro
1112 3500 1219 3553 narrat,
1235 3490 1364 3545 mendacii

255 3555 405 3612 insimulaua
424 3559 562 3613 hiatoricoa
587 3561 756 3615 Graecorum,
769 3560 930 3629 aoriptorea,
955 3559 1000 3628 qui
1020 3559 1177 3629 Babylonem
1200 3560 1232 3613 ab
1256 3562 1364 3631 Assyria

255 3624 424 3680 Semiramide
445 3637 619 3683 oonotromm
640 3630 769 3694 referunt,
792 3646 899 3698 umque
917 3627 1034 3683 miranda
1053 3646 1172 3699 quaeque
1190 3628 1261 3683 illius
1283 3646 1363 3701 opera

254 3695 372 3749 adidiaaa
383 3705 481 3753 temere
496 3699 674 3769 pronunciant.

322 3765 562 3822 Nabuchodonosor
574 3768 674 3837 imperii
689 3766 730 3820 aui
749 3784 816 3821 auno
835 3766 946 3821 secundo
961 3770 1068 3821 cruento
1083 3782 1140 3819 cum
1153 3764 1291 3819 Pharaone
1303 3764 1363 3819 Ne-

253 3834 319 3888 cbao
332 3834 398 3887 inito
410 3835 534 3890 conflictu
548 3838 667 3907 auperior
685 3838 772 3892 evaait
784 3845 885 3890 eteum
902 3834 997 3889 occidit
1015 3836 1048 3888 ad
1063 3836 1240 3903 Euphratem,
1256 3834 1362 3887 ineunte

252 3903 349 3957 Ioaoim
368 3908 503 3972 regnantia
524 3923 592 3961 auno
610 3906 708 3977 quinto.
742 3907 811 3959 Tum
833 3905 911 3959 armia
929 3903 956 3959 iu
971 3906 1066 3959 loeoim
1083 3913 1111 3957 et
1126 3906 1245 3959 Iudaeam
1268 3904 1361 3967 verula,

252 3972 347 4026 loacim
359 3981 465 4042 captum
478 3975 589 4029 abduxit
599 3994 666 4029 anuo
676 3976 752 4045 regui
772 3974 815 4027 aui
832 3976 927 4039 tertio,
952 3982 981 4027 ut
995 3984 1103 4043 quartua
1115 3974 1265 4041 Regnorum
1278 3980 1305 4026 et
1317 3991 1361 4025 ae-

252 4042 353 4096 coudua
365 4043 578 4113 Paralipomenon
590 4045 650 4098 libri
663 4051 802 4099 teruntur.
838 4044 905 4097 'l'om
919 4043 993 4097 annia
1013 4044 1096 4097 tribua
1111 4041 1210 4097 exactio
1227 4042 1325 4095 deiecit
1343 4058 1360 4095 a

253 4111 500 4167 Nabuchodonosor.
536 4115 659 4168 Dominus
671 4123 755 4167 autem
770 4114 918 4169 auxiliarios
930 4113 962 4168 ad
977 4130 1034 4167 eum
1049 4112 1118 4166 misit
1129 4110 1268 4181 expeditne
1280 4110 1360 4164 Chal·

253 4180 374 4235 daammu
389 4190 418 4236 at
429 4183 566 4253 expeditos
579 4184 674 4254 Syriae
689 4195 717 4237 et
731 4183 811 4237 Moab
825 4190 852 4237 et
870 4183 980 4237 filiorum
995 4185 1115 4245 Αουυοιις
1131 4188 1160 4234 et
1174 4180 1322 4249 praevaluit
1333 4178 1360 4233 in

253 4259 349 4305 terram
361 4250 513 4307 Indaioxta
528 4248 633 4307 verbum
645 4253 757 4314 domiui,
774 4254 842 4321 qood
856 4254 958 4307 locatus
971 4263 1013 4305 eat
1023 4254 1050 4305 in
1063 4269 1137 4305 manu
1152 4266 1288 4303 nervorum
1300 4264 1360 4301 suo-

145 4363 149 4369 <
251 4336 310 4375 m
321 4321 516 4397 prophatarum
538 4323 614 4381 Haeo
625 4324 715 4381 eodem
728 4330 844 4394 tenpore
857 4322 936 4379 Urina
947 4321 1064 4379 Annaei
1074 4320 1143 4377 filino
1155 4319 1246 4393 (qoem
1257 4316 1360 4390 logien·
