3067 4800
531 186 546 226 l

525 327 921 398 CHRONOGRAPHIA.
1203 323 1278 396 467

175 495 315 580 Ampelos
334 493 480 578 λελίχθαι
504 493 592 579 παρὰ
614 499 671 561 τοῦ
693 489 831 579 ἀχχίλου.
859 489 932 558 ἀνευ
955 492 1015 579 γὰρ
1031 492 1134 578 πάσης
1150 491 1282 584 ἀφαιρε-
1336 513 1343 518 “

174 596 296 682 τικῆςῆ
311 603 521 683 προσθετικῆς
532 599 666 674 ἐπινοίας
680 593 732 682 ny'
746 595 799 680 ἴτη
815 598 890 661 εἰσίν
904 595 966 662 ἀπὸ
981 601 1037 662 τοῦ
1050 595 1096 665 ιθ’
1109 597 1196 676 ίτους
1208 605 1281 668 Να-

173 699 432 787 βουχοδονόσαρ,
459 691 536 790 ispi
559 702 705 775 Σεδεκίας
723 696 959 786 ᾗχμαλάτευται
979 699 1037 784 σὺν
1056 707 1100 788 τῷ
1115 705 1181 790 λαῷ
1197 700 1280 788 sulci

175 799 267 879 πόλις
283 801 484 890 Ἰερουσαλὴμ
500 803 558 870 cdv
578 809 624 892 τῷ
646 808 713 891 λαῷ
726 801 956 888 ίμπίπρησται·
986 801 1048 869 ἀπὸ
1068 805 1102 868 δὲ
1119 811 1176 888 τῆς
1190 807 1282 884 θείας

153 904 365 993 δάποφάσεαις
387 913 445 991 τῆς
458 908 490 971 ἓν
503 913 549 994 τῷ
565 904 593 971 d'
609 906 667 972 i'rsr
680 905 818 988 Ἰωακείμ
833 906 1039 991 ἐξενεχθείσης
1055 905 1134 972 κατά
1148 911 1212 974 τῶν
1224 935 1282 974 κα-

175 1007 361 1076 τοικούντων
376 1007 595 1095 Ἰερουσαλὴμ,
622 1002 740 1075 ἀπόθευ
763 1010 815 1074 καί
836 1005 852 1074 ὃ
873 1007 1157 1094 ίβάομηκονταετὴς
1167 1007 1281 1096 χρόνος
1299 1021 1329 1076 l’.
1342 1019 1395 1078 246

176 1111 350 1197 ἀναγκαίως
377 1113 574 1198 ἀριθμεῖται,
601 1110 654 1197 ίτη
679 1114 756 1178 εἰσὶν
779 1107 826 1198 py'
851 1109 909 1189 ίαις
930 1119 988 1178 cori
1017 1113 1115 1179 occisori
1139 1113 1283 1200 δεοτίρου
1392 1159 1395 1172 ·

176 1213 266 1292 ἴτους
283 1218 432 1302 Δαρείου.
459 1214 507 1283 ὅτι
529 1217 565 1282 δὲ
589 1215 626 1281 οὗ
646 1214 726 1281 κατὰ
738 1214 981 1302 προσδιορισμίιν
997 1215 1145 1302 ἀκριβοῦς
1153 1214 1282 1304 χρόνον,

177 1317 257 1382 ἀλλὰ
279 1319 359 1385 κατὰ
377 1318 566 1404 παρίκτασιν
582 1319 700 1406 εἴρηται
711 1324 805 1384 τοῦτο
820 1319 899 1405 πρὸς
914 1323 971 1384 τοῦ
985 1318 1111 1405 ἀγγέλου
1126 1323 1285 1408 προφανὲς

133 1424 229 1486 luxui
254 1423 287 1487 ix
308 1428 371 1488 τῶν
393 1423 473 1505 μετὰ
487 1423 558 1508 τρία
583 1421 635 1506 ίτη
652 1423 685 1486 lo
701 1427 746 1511 τῷ
759 1417 898 1510 τετάρτῳ
914 1421 972 1488 ίτει
985 1429 1042 1506 τῆς
1053 1425 1213 1506 βασιλείας
1226 1430 1283 1491 τοῦ
1388 1447 1394 1469 ,

176 1523 276 1590 odensi
304 1527 442 1612 Δαρείου
468 1525 548 1611 πρὸς
562 1526 725 1608 Ζαχαρίαν
743 1525 776 1589 dx
797 1530 877 1590 θεοῦ
889 1526 1057 1610 λεγομένων
1079 1533 1119 1614 τῇ
1134 1523 1163 1590 d'
1177 1523 1283 1592 τοῦθ’

173 1628 274 1712 μηνὸς
286 1633 430 1694 Χασελειῖ
445 1629 523 1715 πρὸς
537 1628 617 1706 λάξιν
630 1625 746 1703 οὕτως·
762 1627 877 1712 ίμίνιτο
890 1625 981 1714 λόγος
995 1630 1101 1715 κυρίου
1118 1635 1181 1694 τῶν
1188 1627 1284 1694 δυνά-

171 1757 259 1814 μεων
273 1729 352 1817 πρός
363 1756 403 1814 με
418 1732 524 1817 λίχων,
538 1731 624 1797 εἰπάν
638 1729 717 1817 πρὸς
730 1727 833 1795 πάντα
847 1729 902 1796 τὸν
916 1730 993 1796 λαὸν
1007 1739 1065 1816 τῆς
1077 1733 1192 1817 χῆςκαί
1206 1731 1285 1818 πρὸς

174 1835 250 1910 roric
271 1835 360 1921 ἱερεῖς
380 1835 493 1921 λίγαιν,
524 1836 577 1900 dcis
599 1830 804 1919 νηστείσητε,
831 1825 1030 1930 ἢξκάηιησθε
1053 1836 1086 1900 iv
1115 1845 1185 1911 ταῖς
1205 1837 1284 1918 πίμ-

133 1949 169 2002 16
176 1962 280 2018 πταις,
307 1936 327 2022 ἢ
342 1938 375 2002 ἓν
394 1949 464 2015 ταῖς
477 1935 637 2021 ἑβδόμαις,
666 1939 717 2001 καλ
732 1935 801 2000 ldod
817 1932 844 2001 o'
858 1935 911 2021 ίτη
927 1937 972 2022 μὴ
984 1940 1127 2023 νηστείαν
1139 1935 1310 2021 ionersi-ll

175 2041 254 2106 σατί
265 2067 339 2124 μοι,-
368 2037 446 2130 ὃρᾷς
464 2047 531 2117 πῶς
544 2041 582 2107 ori
595 2037 677 2105 κατὰ
690 2037 745 2104 τὸν
759 2037 872 2125 ἀκριβῆ
887 2041 1130 2128 προσάιορισμόν
1147 2039 1219 2106 οὐδὲ
1234 2044 1284 2104 ἔν-

172 2141 313 2210 ταῦθαὸ
330 2150 394 2215 τῶν
409 2141 625 2228 ἑβδομήκοντα
642 2144 720 2208 ἐτῶν
732 2141 871 2228 ἀριθμὸς
885 2141 958 2208 οὐδὲ
973 2144 1006 2209 ἓν
1018 2150 1062 2232 τῷ
1078 2145 1210 2232 ἀευτίρῳ
1225 2143 1284 2209 iias

174 2249 312 2329 Δαρειόυ
335 2250 558 2332 παρείληπται,
586 2245 666 2310 ἀλλὰ
689 2243 744 2309 τὸν
764 2246 814 2309 lul
833 2242 960 2330 πρώτου
974 2243 1062 2322 ίτους
1077 2243 1187 2333 Κάρου
1203 2252 1284 2332 πλη·

177 2351 320 2437 ρωθίντα
340 2349 421 2415 κατὰ
442 2349 499 2434 τὴν
510 2346 656 2437 Ἱερεμίου
678 2342 851 2434 πρόρρησιν
865 2349 963 2432 δηλοῖ.
991 2355 1058 2425 πῶς
1072 2349 1132 2436 χάρ
1149 2349 1282 2416 δυνατὸν

133 2455 227 2521 tonui
246 2459 290 2541 τῷ
311 2453 444 2543 δευτέρῳ
465 2453 523 2518 ίτει
544 2452 681 2537 Δαρείου
702 2453 752 2515 καί
772 2456 817 2539 τῷ
837 2447 975 2541 τετάρτῳ
991 2452 1030 2518 τά
1044 2451 1125 2518 aristi
1146 2450 1284 2540 ἑβδομή-

176 2581 269 2621 κοντα
286 2554 337 2640 ίτη
353 2560 637 2639 καταριθμεῖσθαι,
664 2550 708 2629 ὥς
720 2545 782 2619 τισι
795 2549 969 2637 νενόμισται
977 2604 988 2637 ,
1017 2554 1215 2640 ἀπταίστως,·

140 2683 145 2696 “
201 2662 337 2743 Δαρεῖος
350 2654 530 2725 Ὑστάσπου
543 2661 677 2744 Περσῶν
691 2653 719 2721 d'
732 2658 928 2737 ἐβασίλευσεν
942 2656 995 2743 ίτη
1011 2656 1068 2735 λς’.
1157 2689 1163 2714 ι

244 2786 271 2839 2
288 2785 343 2855 πί]
361 2782 407 2849 ioe'
424 2804 458 2841 m·
550 2786 576 2841 7·
594 2778 648 2853 ον’]
665 2780 700 2854 ρι’
717 2801 749 2837 m·
844 2783 936 2840 αυίοιῖ
953 2803 1002 2839 om.
1017 2788 1055 2843 G.
1139 2790 1166 2843 9.
1184 2786 1270 2841 rorico

245 2853 350 2909 codron
375 2858 406 2907 λ.
514 2849 600 2907 λλά
615 2854 647 2907 Β.
665 2850 764 2922 τετάρτ
804 2854 836 2907 Α.
860 2852 975 2919 τετράδι
989 2854 1024 2913 G.
1121 2858 1162 2911 19„
1182 2852 1271 2916 οὕτως

245 2918 493 2992 ΖαπάταοαρΝΠ.
563 2920 605 2976 ll.
622 2918 754 2993 κόψησθε
793 2920 990 2992 Aduenis&
1060 2926 1101 2981 16.
1121 2922 1268 2997 dupplici

246 2990 315 3064 ὁρᾷς
331 2994 367 3045 G.
445 2989 487 3046 18:
505 2991 690 3061 τιληραθὲντα
703 2995 735 3048 Β.
752 2996 939 3064 πληρωθῆναι
953 2994 989 3049 G.

175 3096 280 3151 Etenim
295 3094 393 3163 absque
405 3092 575 3148 additamenti
586 3094 629 3147 vel
643 3094 823 3149 subtractionis
839 3100 897 3149 arta
912 3094 954 3149 rel
968 3094 1138 3160 necessitate,
1156 3114 1173 3149 a
1189 3094 1284 3150 Nebn-

177 3166 338 3219 chodonosor
350 3180 416 3217 anno
431 3168 479 3231 19,
497 3181 549 3233 quo
560 3165 679 3233 captivus
693 3173 771 3218 actus
779 3172 819 3218 est
831 3164 956 3219 Sedecias
968 3182 1027 3217 cum
1041 3166 1137 3235 populo
1149 3171 1176 3217 et
1190 3165 1283 3219 civitas

176 3236 339 3288 Hierusalem
351 3250 382 3285 ac
399 3233 455 3286 eius
470 3234 543 3303 plebs
560 3232 680 3287 incendio
697 3241 801 3287 vastata
816 3243 871 3299 est,
890 3232 949 3288 anni
960 3236 992 3291 91
1009 3242 1149 3303 putantum
1168 3233 1284 3288 adivina

177 3321 240 3357 vero
263 3302 391 3356 sententia
414 3302 539 3355 adsersus
562 3302 659 3355 incolas
679 3303 842 3357 Hierusalem
867 3312 959 3373 quarto
972 3304 1067 3356 loacim
1089 3320 1154 3357 anno
1173 3303 1283 3372 prolate,

177 3374 245 3425 unde
259 3389 381 3425 annorum
393 3372 563 3441 septuaginta
575 3372 688 3426 studium
700 3390 805 3427 nccmse
819 3379 860 3426 eat
870 3390 916 3425 nos
932 3372 1033 3437 anetiri,
1050 3372 1085 3425 sd
1105 3389 1196 3425 annum
1208 3370 1284 3427 Darii

176 3443 315 3496 secundum
326 3458 406 3494 annos
421 3448 471 3497 llll
488 3458 623 3494 numerare
637 3458 783 3510 possumus3
801 3441 1002 3512 qundoquidem
1021 3458 1071 3493 non
1093 3458 1140 3510 per
1159 3441 1283 3509 temporis

177 3520 295 3565 exactam
310 3512 557 3581 praescriptionem,
574 3511 619 3563 sed
633 3528 682 3581 per
700 3509 875 3565 extensionem
888 3512 1076 3582 comprobatum
1090 3512 1236 3575 habeamus,
1253 3518 1284 3565 ut

177 3591 305 3634 ostemum
319 3588 376 3646 est,
394 3579 482 3649 angeli
498 3597 653 3643 sermonem,
670 3581 812 3633 tumeliam
832 3596 881 3649 per
893 3598 939 3647 ea,
964 3598 1029 3650 quae
1043 3587 1105 3651 post
1123 3596 1204 3633 annos
1218 3588 1282 3643 tres,

176 3648 252 3702 Darii
266 3648 382 3703 nimirum
395 3657 499 3719 quarto,
512 3650 545 3702 ad
560 3649 713 3704 Zachariam
727 3650 792 3703 deus
803 3650 924 3719 loquutus
937 3657 978 3702 est
994 3652 1053 3702 noni
1068 3649 1282 3703 mensisChnsleu

176 3719 220 3773 die
232 3724 333 3787 quarto.
364 3720 452 3772 Verba
463 3726 523 3771 sunt
537 3718 691 3771 huiuamodi.
721 3720 830 3772 Factum
843 3727 884 3772 est
896 3720 1003 3775 verbnm
1015 3718 1111 3771 domini
1123 3719 1283 3772 exercituum

176 3787 262 3841 adme
275 3788 380 3841 dicens:
397 3786 502 3857 loquere
514 3789 548 3840 ad
561 3805 658 3841 omnem
672 3789 791 3858 populum
806 3796 892 3841 terrae
904 3796 933 3841 et
947 3788 980 3841 ad
996 3788 1159 3852 sacerdotes,
1178 3789 1281 3841 dicensi

177 3857 208 3910 si
222 3857 343 3910 ieiunatis
356 3866 384 3909 et
403 3856 527 3926 plangitis
544 3857 570 3909 in
585 3857 684 3926 quintis
701 3866 748 3910 aut
762 3857 892 3926 septimis,
910 3866 938 3911 et
956 3875 1017 3909 ecco
1030 3857 1193 3927 septuaginta
1205 3858 1281 3921 anni,

176 3928 298 3996 numquid
320 3926 441 3979 ieiunium
461 3925 596 3979 ieiunastis
615 3926 700 3979 millii
723 3926 803 3979 Vides
823 3927 934 3979 hicnon
954 3926 1039 3996 rigide
1052 3944 1083 3979 nc
1099 3926 1233 3996 praecise,
1251 3930 1282 3978 ut

176 4014 225 4049 nec
237 3999 307 4049 circa
318 3994 393 4048 Darii
406 3998 547 4049 secundum
560 4012 668 4060 annum,
687 4012 811 4049 annorum
825 3996 990 4065 septuaginta
1008 4012 1137 4049 numerum
1150 3996 1282 4065 accipien-

175 4066 250 4129 dum,
267 4082 356 4118 rerum
376 4064 447 4119 circa
460 4064 525 4134 Cyri
542 4065 649 4133 primum
668 4065 743 4119 iuxta
760 4064 908 4119 Hieremiae
927 4064 1073 4119 vaticinium
1092 4075 1193 4133 tempus
1217 4062 1282 4116 illud
1383 4062 1389 4074 ⁸

175 4135 295 4205 explerit
313 4134 373 4195 Quo
388 4151 497 4202 namque
510 4135 601 4196 modo,
619 4141 672 4187 nam
689 4152 756 4188 anno
768 4134 842 4188 Darii
856 4135 986 4199 secundo,
1003 4142 1056 4186 tum
1070 4144 1159 4185 rursus
1179 4141 1281 4203 quarto,

174 4213 206 4257 ut
218 4204 368 4273 quibusdam
388 4203 472 4255 animo
490 4202 690 4271 simplicioribus
708 4204 790 4257 visum
806 4204 873 4269 luit,
890 4204 992 4257 eosdem
1012 4202 1179 4273 septuaginta
1201 4218 1282 4255 annos

174 4274 311 4327 minum
323 4290 351 4325 re
400 4274 438 4325 ire
449 4272 654 4325 affirmabimus?

209 4341 321 4410 Darius,
338 4291 480 4415 [ἀξίωμα
494 4342 578 4407 lilius,
595 4342 764 4397 sl’ersarum
778 4358 825 4395 rex
841 4340 965 4412 negnavit
978 4339 1052 4393 annis
1065 4338 1118 4400 36,
