3067 4800
288 304 366 381 516
643 311 834 383 GEORGII
853 309 1068 383 SYNGELLI

309 477 542 566 Ἀλεξανδρείας
561 477 613 546 καί
633 473 845 566 Αίγάνττουβ
862 478 1042 563 ἐβασίλευσε
1057 471 1289 562 Πτολεμαῖοςὸ
1305 475 1425 544 Φιλά-

391 587 506 671 δελφος
521 580 573 667 ίτη
591 579 650 668 λη’.
678 589 736 650 τοῦ
752 583 787 648 δέ
803 578 922 666 κόσμου
937 573 976 668 ἦν
992 579 1061 658 ίτος
1074 577 1170 671 γενεά.

259 713 286 770 1)
367 688 567 770 Πτολεμαίου
589 690 646 751 τοῦ
672 683 787 771 Λάγου
811 691 949 776 κεραυνῷ
973 691 1163 765 τεθνεῶτος,
1191 679 1236 760 ῶς
1258 683 1423 770 προλέλε-

288 813 377 871 νται,
405 791 438 855 ἐν
458 795 497 876 τῇ
519 788 600 854 κατὰ
625 795 689 855 τῶν
708 794 863 856 Γαλατῶν
879 786 983 878 μάχῃ,
1011 789 1069 874 τὴν
1088 789 1146 871 μέν
1161 783 1330 874 Αίγάπτου
1350 787 1420 874 rip·

285 893 346 976 χὴν
361 897 529 979 πληροῦται
540 891 612 975 μετ’
633 892 729 958 αὐτὸν
741 897 941 976 Πτολεμαῖος
954 891 970 959 ὅ
990 888 1186 978 Φιλάδελφος
1201 900 1275 967 παῖς
1289 890 1442 970 αιἰτοῦ,5

288 994 370 1083 ἀνὴρ
400 996 441 1060 τὰ
467 992 569 1060 πάντα
592 997 690 1083 σοφὸς
714 997 764 1060 καί
790 993 1064 1083 φιλοπονώτατος,
1094 993 1129 1071 ὃς
1148 991 1273 1062 πάντων
1294 983 1426 1078 Ἓλλήζ

287 1125 350 1165 νων
372 1124 405 1164 τε
421 1101 471 1163 καί
491 1101 683 1180 Χαλδαίων,
711 1101 895 1183 Αίγυπτίων
909 1125 942 1166 τε
964 1100 1015 1165 καί
1028 1096 1190 1182 Ῥωμαίων
1204 1096 1260 1173 τὰς
1272 1099 1419 1180 βίβλους

289 1199 516 1285 συλλεξάμενος
538 1205 589 1267 καί
605 1200 881 1289 μεταφράσαςτὰς
895 1198 1131 1288 ἀλλογλώσσους
1145 1203 1189 1277 είς
1202 1200 1259 1283 τὴν
1269 1196 1418 1264 Ἑλλάδα

288 1310 457 1389 γλῶσσαν,
484 1302 641 1390 μυριάδας
668 1307 788 1388 βίβλων
807 1303 827 1370 ι’
847 1306 981 1372 άπίθετο
998 1305 1079 1372 κατὰ
1101 1304 1157 1390 τὴν
1173 1299 1418 1390 Ἀλεξάνδρειαν

288 1408 321 1471 ἐν
339 1417 408 1483 τοῖς
421 1405 480 1473 ὁπ’
502 1410 600 1474 αὐτοῦ
615 1405 787 1486 συστάσαις
798 1406 1027 1495 βιβλιοθήκαις.
1424 1429 1457 1481 tu

370 1502 473 1588 Οὗτος
490 1512 548 1596 τὴν
565 1510 676 1598 Φάρον
687 1513 919 1601 Ἀλεξανδρείας
932 1514 1174 1598 μεγαλοπρεπῶς
1187 1507 1336 1594 dolorque
1352 1509 1413 1574 διὰ

288 1612 482 1702 Σωστράτου
505 1614 703 1703 Δεξιφάνους
717 1617 848 1682 Κνιδίου
856 1664 868 1695 ,
897 1606 934 1681 οὗ
954 1617 1007 1681 καί
1020 1614 1057 1680 τδ
1071 1613 1171 1695 ὄνομα
1186 1613 1412 1697 ἐπιγέγραπται

287 1718 319 1782 ἐν
335 1725 380 1807 τῷ
395 1715 586 1807 ῶψηλοτάτρι
603 1717 711 1807 πάργιρ
726 1727 782 1803 τῆς
792 1715 902 1803 Φάρου
921 1716 1040 1794 οὕτως·
1057 1711 1247 1802 Σωστράτος
1260 1712 1411 1802 Δεξιφά-

173 1830 202 1884 l’.
218 1831 273 1887 272
288 1845 363 1897 νους
377 1823 503 1896 Κνίδιος
516 1829 653 1908 σωτῆρσι
670 1827 757 1898 θεοῖς
769 1819 846 1905 ὑπὲρ
862 1826 926 1887 τῶν
938 1820 1161 1902 πλωὶξομίνων.

359 1919 397 1989 Ὁ
419 1923 515 1999 αὐτὸς
542 1913 617 2000 τούς
638 1923 713 1989 κατ’
735 1925 899 2010 Αἴγυπτον
922 1921 1138 2008 αἰχμαλώτους
1155 1921 1327 1998 Ἰουδαίους
1339 1947 1409 2002 μυ-
1418 1929 1450 1984 15

287 2022 399 2115 ριάδας
415 2024 536 2092 δώδεκα
552 2023 786 2110 ἐξωνησάμενος
799 2024 965 2104 ταλάντοις
985 2024 1032 2104 υξ
1049 2029 1082 2091 ἐκ
1094 2031 1150 2091 τοῦ
1169 2022 1410 2111 στρατεάματος

170 2137 204 2197 V.
219 2137 274 2195 217
287 2130 472 2217 ἐλευθίρους
486 2129 578 2213 ἀνῆκε
595 2128 690 2220 πόθῳ
706 2135 764 2216 τῆς
775 2128 1001 2218 μεταφράσεως
1017 2136 1079 2196 τῶν
1089 2129 1168 2214 παρ’
1184 2128 1290 2204 αίιτοΐς
1304 2130 1407 2194 θείων

285 2235 329 2310 είς
350 2228 555 2317 τὴνἙλλάδα
576 2239 740 2318 γλῶσσαν,
766 2231 845 2320 sindo
866 2225 909 2300 ὧν
924 2230 1116 2317 ἂναθήματα
1129 2237 1281 2316 πολυτελῆ
1289 2239 1405 2320 χρυσῷ

285 2341 392 2425 πολλῷ
411 2337 463 2401 καλ
475 2339 579 2412 λίθοις
597 2339 709 2421 τιμίοις
723 2338 863 2422 ἐμμελῶς
877 2336 1145 2419 κατεσκευασμίνα
1159 2342 1204 2425 τῶ
1216 2341 1282 2425 θεῷ
1297 2335 1333 2400 ἐν
1344 2331 1404 2401 Ἰε-

201 2475 204 2483 ·
285 2435 474 2527 ροσολάμοις
488 2440 669 2523 ἐξέπεμψεν,
692 2438 868 2529 Ἐλεαζάρῳ
885 2466 917 2506 τε
940 2446 985 2529 τῶ
1002 2444 1171 2524 τηνικαῦτα
1187 2438 1324 2525 ἀρχιερεῖ
1336 2443 1443 2504 δῶν-2)

286 2568 329 2630 ρα
345 2548 493 2623 πλεῖστα,
520 2543 631 2620 καθώς
657 2545 690 2611 ἐν
711 2554 778 2620 τοῖς
793 2547 1022 2626 Πτολεμαΐκοΐς
1034 2542 1201 2629 γέγραπται
1210 2592 1221 2623 ,
1248 2520 1403 2628 πρεάβευ-

285 2643 422 2729 σάμενος
441 2650 592 2729 σταλῆναι
605 2646 663 2724 τὰς
678 2646 762 2734 ἱεράς
778 2647 906 2723 δίλτους
919 2648 962 2724 είς
974 2644 1205 2733 Ἀλεξάνδρειαν
1220 2649 1270 2712 καί
1282 2644 1404 2732 ἄνδρας

353 2776 379 2831 δ.
404 2776 550 2847 κεραυνῷ]
573 2775 694 2831 τοῦτοί
717 2776 866 2843 Κεραυνοῦ
881 2774 1001 2845 &aliger
1019 2792 1044 2846 p.
1063 2778 1106 2833 66.
1198 2776 1223 2829 8.
1248 2769 1403 2845 diluviale-

353 2862 406 2906 τας
423 2845 460 2898 G.
551 2847 593 2899 12.
610 2843 694 2913 Vulgo
709 2846 896 2915 Δεξιφανοτῖς.
981 2847 1022 2901 1³.
1041 2842 1131 2909 sirene
1146 2843 1178 2897 Β.
1196 2836 1281 2908 οὗτος
1293 2846 1330 2901 G.

354 2914 532 2981 σωστρατοῦς
553 2914 726 2983 δεξιφανοῦς
743 2914 776 2969 Β.
810 2910 995 2987 Σωστράτους
1013 2908 1201 2984 Δεξιφανοίς“
1214 2914 1251 2967 G.
1277 2914 1402 2969 Correxit

353 2971 483 3054 setiger.
567 2982 609 3038 tt.
627 2981 819 3051 πλοιῒομένων
836 2986 867 3038 Β.
961 2984 1003 3039 17.
1020 2988 1110 3039 θείων
1121 2983 1238 3053 γραφῶν
1253 3001 1287 3037 m·

319 3085 494 3141 Alexandriae
506 3091 534 3139 et
545 3086 663 3157 Aegypti
675 3102 722 3139 rex
734 3088 753 3141 2
768 3086 932 3141 Ptolemaeus
946 3086 1134 3159 Philadelphus
1155 3087 1228 3142 ταῶν
1240 3088 1294 3153 58,
1309 3086 1399 3143 mnndi

351 3156 586 3292 Pigli’mzzeisllragi
597 3222 651 3277 lilio
667 3216 783 3277 fulminis
797 3223 852 3277 ictu
867 3230 974 3279 mortem
987 3208 1114 3288 obeunte,
1132 3240 1164 3277 ea
1175 3242 1252 3293 qnam
1272 3242 1330 3279 num
1342 3226 1398 3279 Ga-

283 3292 345 3347 latis
356 3294 447 3347 habuit
459 3310 562 3363 pugna,
579 3301 654 3363 prout
669 3304 800 3346 norrstum
815 3304 875 3357 est,
893 3294 1006 3363 Aegypti
1019 3295 1152 3362 imperium
1165 3294 1326 3348 Ptolemaeus
1342 3296 1397 3349 eius

283 3364 368 3426 lilius,
386 3363 427 3415 vir
448 3366 516 3415 omni
530 3362 694 3415 scientiarum
713 3363 784 3415 cultu
805 3372 913 3416 ornatus
935 3374 963 3417 et
987 3362 1083 3416 laboris
1102 3362 1305 3434 patientissimus
1323 3365 1396 3429 adiit,

284 3434 330 3502 qui
342 3432 502 3485 Grseeornm
525 3433 651 3495 omnium,
669 3431 880 3496 Chaldaeorum,
898 3434 1086 3501 Aegyptiorum
1110 3443 1138 3484 et
1153 3434 1323 3486 Romanorum
1343 3434 1396 3487 eol-

282 3501 359 3554 lectis
378 3500 452 3554 libris
469 3508 497 3553 et
516 3518 549 3553 ex
569 3500 654 3553 aliena
670 3500 781 3554 dialecto
795 3501 823 3555 in
837 3502 966 3553 Graecam
983 3501 1081 3565 versis,
1097 3503 1229 3570 myriades
1247 3502 1336 3557 desem
1356 3502 1395 3556 bi·

282 3569 422 3623 bliotlrecis
436 3568 636 3624 Alexandrlaea
651 3586 681 3622 se
697 3571 854 3623 constructis
869 3570 1050 3623 custodiendas
1062 3570 1190 3640 reposuit.

352 3638 424 3691 Idem
435 3640 547 3691 Sostrati
562 3639 649 3692 Cnidii
664 3639 827 3709 Dexiphanis
841 3638 886 3691 filii
903 3657 952 3708 ope
962 3639 989 3691 in
1004 3638 1179 3693 Alexandriae
1194 3644 1271 3711 portu
1288 3638 1396 3711 sumpti·

177 3710 181 3715 '
282 3706 333 3761 bna
354 3705 483 3762 immensis
497 3708 607 3761 Pharum
627 3709 729 3773 erexit,
748 3708 924 3761 excelsissima
940 3709 1020 3760 Phari
1044 3710 1153 3761 turrium
1177 3710 1286 3763 artificis
1308 3726 1395 3763 nonan

283 3775 449 3847 praeferente
465 3776 492 3829 in
511 3780 579 3829 hune
594 3777 704 3830 modum.
739 3776 875 3830 Sostratus
888 3778 998 3831 Cnidius
1010 3777 1173 3849 Dexiplrania
1189 3780 1259 3833 lilius
1272 3778 1324 3832 diis
1341 3797 1395 3833 ser·

283 3846 419 3900 tatoribus
433 3844 607 3917 navigantium
622 3846 709 3916 gratia
723 3845 892 3899 consecravit.

352 3915 504 3969 ludneorurn
524 3915 661 3969 duodecim
683 3915 843 3986 myriadibus
861 3917 895 3969 sb
922 3914 1040 3970 exercitu
1063 3914 1149 3984 captia
1170 3916 1324 3971 telentomm
1344 3913 1394 3973 iffi

282 3984 368 4109 ffilio
380 3983 531 4053 redemptis,
549 3983 600 4037 sori
620 3993 743 4049 turnrum,
760 4001 827 4054 ques
846 3986 994 4049 servabant,
1011 3985 1138 4040 versionis
1155 3986 1275 4039 Graeoae
1287 3984 1392 4069 cunidns
1499 4016 1500 4053 γ

336 4061 429 4108 rtatem
445 4052 568 4107 restitnit.
630 4071 700 4107 arum
714 4054 942 4123 eomparandsrun
961 4053 1046 4123 grntin
1067 4054 1189 4108 donorum
1201 4072 1265 4109 soro
1284 4053 1393 4125 lnptllis·
1499 4056 1500 4095 l

283 4142 335 4195 qne
348 4131 495 4177 onsausrum
506 4122 603 4175 variam
615 4141 648 4177 ac
660 4124 800 4195 pretiosam
812 4122 997 4194 supellectilem
1018 4122 1068 4177 deo
1081 4124 1267 4195 Hierosolymis
1280 4123 1354 4178 vovit
1367 4130 1392 4179 et

283 4192 444 4319 {diffido
459 4192 629 4316 untu-
639 4203 807 4331 ‘fetent‘
819 4192 1160 4316 sustulistis}
1178 4193 1392 4333 iturus

280 4299 415 4387 litterile·
426 4337 455 4387 at
467 4337 521 4386 tun
545 4296 731 4402 τατλρίιιτιταω
744 4337 799 4386 tum
811 4300 989 4388 Graecanicae
1006 4330 1157 4386 eruditionis
1167 4298 1267 4403 'gamos
1280 4330 1391 4387 Alexan·
