3067 4800
469 1229 505 1313 P
529 1228 570 1314 R
593 1227 636 1315 A
658 1227 694 1318 E
721 1229 754 1315 F
779 1229 821 1314 Α
840 1225 885 1313 Τ
906 1220 990 1314 10
1038 1298 1043 1309 .

374 1428 699 1510 enimenim
743 1427 1081 1508 mononem.
1339 1391 1345 1403 '

179 1878 380 2002 Georgium
405 1935 448 1980 ex
471 1914 638 1982 coarctans
657 1914 810 1980 Paisinte
830 1913 962 1982 auocat
988 1910 1072 2001 (an)
1102 1910 1280 1978 emendae.

176 2031 306 2100 Eorum
321 2035 350 2098 A
371 2031 485 2122 (1711)
500 2033 588 2099 idem
607 2046 656 2102 eet
672 2055 774 2123 quem
788 2036 920 2124 primun
936 2031 1111 2121 usurpavit
1128 2030 1281 2119 Scaliger,

177 2173 284 2240 quum
299 2149 434 2218 Euecbii
454 2150 691 2220 chronicorum
712 2153 867 2242 reliquias
884 2150 924 2218 ad
946 2151 1147 2240 Hieronymi
1165 2172 1282 2217 exem-

176 2270 275 2358 plam
296 2271 509 2354 instauraret,
537 2283 615 2364 post
643 2271 849 2360 Scaligerum
884 2271 1041 2360 princepe
1074 2269 1280 2356 chronogra-

175 2387 287 2479 plrei*
308 2389 415 2457 editor
427 2387 565 2459 lacobus
592 2391 740 2475 Goarne,
762 2391 916 2480 Scaligeri
936 2390 1138 2458 obtrectator
1158 2388 1281 2455 acerri-

175 2532 262 2590 mus,
280 2510 440 2577 mediocri
452 2509 557 2577 homo
570 2508 739 2593 doctrina,
759 2511 838 2577 artie
855 2512 986 2577 criticae
1002 2508 1160 2577 facultate
1173 2506 1281 2587 nulla,

178 2627 371 2716 negligentia
393 2628 584 2695 incredibili.
626 2628 779 2719 Scriptue
796 2641 845 2696 eet
867 2651 954 2695 enno
969 2628 1091 2695 MXXI
1112 2629 1149 2695 in
1166 2648 1283 2695 mem-

179 2744 304 2811 branis:
325 2746 402 2815 vide
423 2748 527 2814 Goari
546 2746 789 2837 praefationem
807 2746 872 2816 vol.
887 2748 930 2814 11.
950 2747 1281 2838 pentametro.

176 2862 307 2931 Excidit
319 2848 443 2932 foliam
465 2888 573 2932 unum
594 2864 644 2956 (Ρ.
658 2874 739 2949 716,
761 2874 940 2949 19-728,
964 2867 1016 2954 1).
1286 2944 1292 2955 ,

259 2984 345 3051 Huic
363 2983 453 3051 libro
483 2982 674 3074 longissime
702 2997 851 3077 praestat
873 2986 959 3054 alter
988 2987 1134 3072 (1764),
1155 2983 1214 3071 qni
1236 3003 1281 3050 ex

173 3103 327 3188 Bredovii
355 3102 502 3194 epistolio
528 3104 763 3173 Parieieneibue
787 3129 824 3196 Ρ.
851 3110 924 3177 154.
954 3104 1116 3185 innotuit,
1146 3113 1282 3189 eratque

174 3223 259 3290 mihi
285 3222 488 3311 ampliorem
515 3224 616 3290 etiam
643 3224 819 3295 utilitatem
846 3224 1028 3304 allaturus,
1057 3225 1086 3289 ei
1111 3242 1220 3310 neque
1244 3221 1281 3287 ia

176 3342 285 3411 medio
307 3364 412 3432 opere
439 3340 592 3433 pluribus
616 3343 706 3411 foliie
737 3357 823 3413 esset
852 3344 1001 3411 defectus
1028 3365 1089 3409 neo
1116 3340 1227 3430 capite
1248 3349 1282 3405 et

177 3460 260 3528 calce
276 3472 461 3529 trnncatue.
504 3460 625 3553 Incipit
639 3486 675 3553 Ρ.
692 3466 754 3547 95,
777 3470 828 3534 16
849 3461 968 3531 desinit
988 3484 1026 3553 Ρ.
1043 3464 1125 3542 646,
1146 3468 1179 3529 7.

260 3581 310 3647 Aa
330 3592 539 3672 postremam
568 3580 837 3673 chronographei
867 3594 1001 3675 partem
1033 3583 1089 3672 (p.
1109 3584 1173 3653 666
1180 3626 1193 3663 ,
1215 3580 1281 3665 11),

177 3719 264 3787 qnae
276 3721 328 3766 rec
343 3700 423 3767 inde
447 3700 489 3767 ab
510 3701 663 3790 Pompeii
684 3702 895 3792 temporibue
915 3714 1020 3791 geetac
1037 3698 1282 3790 complectitur,

174 3816 307 3885 Goerue
332 3818 502 3891 duneline
526 3818 651 3887 codices
673 3820 800 3901 attelit,
822 3820 1039 3888 Perceianum
1062 3816 1117 3907 (P)
1137 3830 1172 3885 et
1196 3817 1282 3884 Bar-

173 3932 401 4018 beriaianum,
423 3938 463 4005 de
478 3938 599 4027 quibus
613 3938 728 4030 ipanm
745 3938 822 4008 virle
839 3950 1066 4033 exponentem
1081 3938 1119 4007 in
1138 3950 1283 4007 annota-

172 4052 268 4122 tione
286 4080 323 4147 Ρ.
344 4064 397 4127 72.
417 4056 467 4127 ed.
490 4057 591 4127 Paria.

204 4239 341 4301 *Proeliit
357 4242 470 4302 Pariaiia
485 4264 511 4303 a.
528 4246 622 4317 16⁵2,
639 4247 715 4323 typi·
731 4243 842 4305 Venetia
858 4263 977 4305 rem
991 4262 1019 4303 a.
1035 4248 1113 4307 1722
