3067 4800
281 262 355 339 158
620 274 806 347 GEORGII
824 275 1035 347 SYNCELLI

278 436 388 529 χρόνοι
407 440 467 529 πρὸ
489 445 545 525 τῆς
568 433 699 507 ἑκάστου
714 442 912 519 παιδοποιίας
927 437 1104 527 διεστήκασι
1116 440 1196 529 πρός
1211 440 1269 529 τὴν
1282 447 1346 510 τῶν
1358 438 1391 509 o'

283 544 463 633 ἑρμηνείαν,
490 550 694 631 ουμφωνοόσι
716 546 750 611 δὲ
772 544 852 632 αὐτῇ
871 545 902 611 oi
917 551 974 611 τοῦ
991 542 1093 635 Ἶάρεδ
1107 548 1159 611 καλ
1173 552 1229 611 τοῦ
1242 550 1393 613 Μαθου-

286 646 368 717 σάλα
389 650 439 713 καί
461 654 518 713 τοῦ
539 643 666 731 Λάμεχ.
693 647 726 713 lu
743 648 778 713 δὲ
794 656 850 733 τῆς
863 646 982 716 τοότων
996 650 1179 737 συμφωνίας
1190 644 1318 735 πάρεστι
1331 655 1392 715 lo·

282 756 381 840 γισμῷ
404 757 510 834 λαβεῖν
532 748 579 815 ότι
601 753 652 815 καλ
674 750 715 817 τά
735 751 796 840 πρὸ
812 750 933 819 τοότων
954 751 1074 835 βέλτιον
1090 748 1110 836 ἦ
1127 751 1204 837 παρ’
1220 749 1294 835 ἡμῖν
1308 748 1391 822 ἀνά-

281 878 394 941 γνωσις
417 853 485 937 ίχει.
513 852 575 921 ἀπό
598 852 658 941 γάρ
677 860 734 921 τοῦ
752 856 892 933 πλείονος
913 852 1028 941 χρόνου
1049 860 1112 922 τῶν
1132 857 1202 943 περὶ
1217 850 1415 941 τδνἸάρεδδ

282 962 378 1043 δῆλος
399 955 442 1022 άυ-
459 956 574 1043 γίνοιτο
599 960 649 1025 καί
670 953 688 1023 ό
711 965 776 1023 τῶν
796 956 995 1045 προαγόντων
1010 957 1183 1045 συντρέχειν
1203 957 1333 1045 ὀφείλων
1346 963 1389 1043 τῇ

256 1067 348 1129 (luis
372 1056 399 1126 o'
420 1055 548 1126 ἐκδόσει.
575 1062 603 1126 el
620 1058 679 1146 γὰρ
705 1060 735 1127 oi
755 1059 896 1151 νεώτεροι
909 1063 961 1128 καλ
978 1060 1223 1148 μεταγενέστεροι
1235 1071 1301 1138 τοῖς
1308 1058 1391 1147 χρό-

283 1190 349 1242 νοις
368 1172 439 1239 ταῖς
459 1169 523 1229 τῶν
547 1159 760 1230 ἑκατοντάδων
783 1162 981 1251 προσθήκαις
1000 1164 1145 1252 εὕρηνται
1165 1162 1247 1230 κατά
1260 1163 1318 1248 τὴν
1330 1168 1390 1228 τοῦ

280 1264 446 1353 Ἑβραῒκοῦ
473 1265 596 1354 γραφὴν
619 1264 781 1354 σάμφωνοι
801 1273 841 1355 τῇ
860 1275 924 1335 τῶν
945 1265 972 1333 o‘
994 1264 1138 1359 ἑρμηνείᾳ
1144 1316 1155 1348 ,
1183 1262 1272 1356 πόσρι
1293 1265 1388 1332 πλέον

286 1370 366 1447 είκός
386 1362 425 1455 ἦν
442 1368 516 1446 roric
537 1368 757 1457 ἀρχαιοτέρους
771 1374 823 1435 καί
839 1370 942 1438 oiseis
955 1365 1076 1437 ίιιείνων
1089 1366 1291 1457 προπάτορας
1304 1374 1389 1451 μάλ-
1398 1388 1438 1442 10

282 1479 338 1541 λον
358 1479 421 1539 τῶν
440 1474 601 1555 μετέπειτα
622 1454 924 1560 πολυχρονιάτίρους
945 1474 1109 1559 γενίοίλαις
1141 1469 1223 1560 δρῶν
1245 1474 1278 1537 δὲ
1301 1473 1334 1537 ἐν
1346 1478 1389 1559 τῇ

283 1573 544 1664 συγκεφαλαιάοει
572 1582 629 1661 τῆς
649 1574 780 1643 ἑκάστου
800 1576 916 1665 ἀνδρός
937 1580 1016 1663 ζωῆς
1035 1576 1091 1644 τόν
1112 1576 1173 1662 πρό
1196 1582 1254 1658 τῆς
1276 1560 1390 1641 παιδο-

284 1681 388 1757 ποιίας
405 1676 520 1765 χρόνον
540 1682 591 1745 καὶ
612 1679 669 1773 τόνΙ
687 1680 765 1761 μετά
786 1680 844 1763 τὴν
868 1682 1066 1745 παιδοποιίαν
1087 1677 1154 1763 άμα
1181 1674 1389 1763 συναγόμενον

282 1782 339 1849 τόν
359 1782 454 1848 αὐτὸν
472 1781 610 1867 ἀριθμόν
624 1779 761 1863 στάζοντα
778 1778 859 1849 κατά
874 1808 906 1848 τε
920 1782 977 1866 τὴν
988 1780 1141 1869 Ἑβραίων
1153 1777 1324 1865 ἀνάγνωσιν
1337 1781 1390 1845 καλ

184 1914 185 1917 “
284 1885 364 1951 κατὰ
385 1884 442 1969 τὴν
463 1890 526 1952 τῶν
541 1882 567 1951 o‘
583 1886 743 1971 ἓρμηνείαυ
751 1935 761 1968 ,
788 1882 871 1971 μόνα
886 1886 921 1951 δὲ
932 1884 972 1951 τά
984 1887 1045 1972 πρό
1058 1890 1116 1971 τῆς
1129 1884 1319 1969 τεκνογονίας
1332 1882 1388 1967 ίτη
1397 1892 1434 1950 15

256 1988 376 2074 Βπαρὰ
390 1993 452 2055 τῶν
463 1987 621 2054 Ἰουδαίων
637 1985 834 2077 ἀντιγράφων
847 1990 1091 2073 συνεσταλμένα,
1117 1993 1258 2070 κινοῦμαι
1268 1984 1390 2071 μήποτε

280 2090 441 2158 Ἰουδαίων
464 2089 551 2178 ἔργον
568 2083 607 2177 ἦν
630 2098 721 2158 τοῦτο
738 2088 958 2177 τολμησάντων
970 2097 1127 2158 συστεῖλαι
1142 2092 1193 2157 καὶ
1211 2091 1390 2174 ἐπιταχῦναι

283 2194 358 2273 τοός
383 2192 443 2281 πρό
470 2200 527 2279 τῆς
548 2196 745 2272 παιδοποιίας
761 2192 897 2283 χρόνους
919 2196 1069 2282 ἐπιτροπῇ
1090 2195 1291 2279 ταχυγαμίας.
1324 2198 1391 2258 τῶν

283 2297 343 2385 γάρ
373 2294 591 2365 παλαιοτάτων
617 2298 740 2385 ἀνδρῶν
762 2300 943 2386 μακροβίων
963 2297 1061 2364 όντων
1085 2299 1136 2363 καὶ
1164 2298 1385 2383 πολυχρονίων,

285 2401 367 2470 οὕτω
381 2403 415 2467 dt
430 2402 511 2468 κατά
525 2399 658 2481 τούτους
671 2409 793 2470 θάττον
807 2403 855 2468 lul
869 2400 989 2490 γάμους
1000 2405 1052 2468 καλ
1060 2403 1262 2477 παιδοποιίας
1275 2395 1434 2465 ἐλθόν-20

336 2607 543 2684 ’4.ἡ1άςῦ.
611 2617 638 2672 5.
654 2617 712 2672 τοῖν
724 2613 787 2686 περλ
798 2615 831 2671 Β.
848 2614 899 2674 τόν
909 2613 973 2685 περὶ
988 2615 1025 2668 G·
1041 2615 1095 2670 τοῦ
1110 2612 1172 2682 περὶ
1188 2629 1222 2666 m.
1293 2616 1321 2670 9.
1336 2608 1389 2671 τιό-

355 2700 395 2754 σφ
412 2683 496 2740 πλέον
512 2685 568 2740 Bm.
586 2681 782 2750 κοῑςόπλίοον
798 2686 834 2737 G.
917 2685 960 2740 14.
984 2683 1036 2756 τήν
1056 2687 1113 2738 τοῖν
1134 2685 1264 2756 Ἐβραίων
1281 2685 1318 2736 G.

355 2757 399 2881 {g
416 2755 668 2896 ἔχηνφγρχιγρὶφωῗς
684 2757 769 2879 Gli.
787 2754 920 2827 συστῆλαι
935 2755 969 2810 Β.
1038 2755 1081 2811 18.
1097 2753 1283 2825 ταγυγαμείας
1297 2754 1330 2806 Β.

285 3012 320 3068 ab
332 3027 489 3085 unoquoque
509 3013 589 3084 prolis
609 3030 688 3066 annos
703 3009 896 3081 sseptoaginta
914 3009 1087 3081 Interpretam
1104 3009 1206 3066 radon
1224 3009 1387 3082 discrepantr

287 3083 335 3136 soli
348 3100 410 3137 vero
427 3083 519 3152 lared,
537 3083 685 3138 illathusala
699 3088 726 3135 et
740 3083 853 3135 Lemech
867 3079 928 3133 anni
942 3081 1086 3134 consentire
1100 3088 1250 3134 noscuntur.
1283 3081 1327 3133 lis
1341 3098 1388 3134 eo·

285 3169 341 3207 rum
361 3159 447 3206 autem
465 3154 500 3206 sd
518 3152 628 3206 invicem
648 3150 800 3214 concordis,
818 3165 887 3219 quae
906 3151 1079 3218 praecedunt,
1097 3168 1131 3202 er
1147 3157 1251 3202 nostrae
1267 3149 1387 3203 lectionis

285 3226 387 3285 mente,
404 3223 566 3276 meliorasse
590 3220 716 3290 disposita
739 3218 869 3272 coniicere
887 3219 929 3270 las
949 3224 999 3275 est.
1040 3220 1081 3272 ab
1102 3219 1244 3272 excedente
1262 3219 1388 3288 siquidem

286 3289 359 3344 sitae
375 3290 451 3344 larod
464 3291 566 3362 spatio,
581 3307 670 3344 eorum
681 3289 727 3360 qui
739 3294 865 3359 praeeunt
878 3293 978 3358 tempus
990 3287 1163 3358 Septuaginta
1175 3287 1282 3341 editioni
1295 3305 1388 3340 conso-

286 3375 350 3412 nare
365 3377 470 3413 necesse
483 3367 532 3416 eet.
567 3359 634 3414 Nem
648 3359 671 3414 si
683 3356 842 3412 recentiores
855 3363 942 3410 aetate
955 3364 982 3410 et
994 3358 1161 3426 posteriores,
1179 3357 1277 3410 sdditis
1288 3357 1388 3428 aliquot

287 3444 411 3548 pilpnormu
425 3428 549 3482 centuriis
565 3428 593 3482 in
604 3429 734 3512 {debraico
752 3433 826 3510 terto
840 3426 1014 3509 Septuaginta
1027 3426 1134 3510 editioni
1150 3425 1294 3508 concordes
1308 3442 1388 3496 prae-

285 3493 1318 3636 nti-¹:23³‚lddldgetuldila-lettardimmitti:
1333 3513 1389 3616 li.

286 3633 402 3704 galerum
416 3634 485 3689 ritae
501 3635 707 3705 perstringendis
720 3634 863 3704 summatim
876 3634 949 3687 annis
961 3640 1075 3704 tempus,
1091 3633 1159 3704 quod
1176 3640 1336 3706 procreatam
1353 3633 1387 3685 ab

287 3703 326 3758 eis
343 3703 454 3756 sobolem
473 3705 629 3774 praecessit,
646 3703 761 3774 illudque
780 3703 848 3773 quod
874 3711 1018 3772 susceptam
1039 3704 1221 3772 subsequutum
1248 3711 1290 3756 eet
1311 3702 1388 3754 simul

287 3779 418 3837 cosmum,
437 3789 492 3826 αισι
505 3773 578 3827 iuxta
590 3774 766 3840 Hebraeorum
778 3772 929 3836 lectionem,
945 3781 999 3825 tom
1012 3772 1086 3826 iuxta
1103 3773 1275 3842 Septuaginta
1294 3771 1390 3824 edicio·

287 3859 345 3918 nem
357 3859 487 3926 numerum
502 3844 609 3898 eundem
621 3861 772 3915 componere
785 3842 989 3911 deprehendam
1005 3843 1087 3924 solum
1108 3859 1170 3897 raro
1188 3843 1301 3925 epatium
1319 3840 1390 3892 lilio-

287 3923 346 4034 {3¹3
357 3915 735 4051 dllztdez‘dllffdil:
748 3910 1389 4044 llllltl‘llddltttddlldtltz

288 4051 451 4120 praecocium
475 4051 621 4120 nuptiarum
637 4051 766 4106 licentiam
788 4049 907 4103 nonnulla
930 4049 1061 4102 voluerint
1082 4051 1238 4104 auctoritate
1257 4047 1390 4113 munitsm,

288 4125 367 4188 atque
383 4120 422 4173 ita
435 4122 609 4174 subducerent
621 4128 648 4174 et
664 4127 725 4175 ante
740 4127 887 4202 susceptam
902 4120 998 4189 prolem
1017 4120 1154 4189 pauciores
1170 4136 1249 4174 annos
1262 4119 1390 4182 inruant,

288 4189 405 4242 nonnihil
417 4205 534 4256 moveor,
552 4197 583 4246 ut
599 4191 718 4250 iudicem.
751 4190 879 4244 Prlsuuos
894 4187 959 4243 enim
970 4189 1029 4242 illos
1040 4207 1072 4242 eo
1086 4189 1211 4258 longioris
1229 4185 1289 4242 aevi
1305 4186 1389 4239 homi·

288 4273 336 4314 nes
349 4257 416 4316 adeo
429 4260 582 4318 lestioanter
593 4261 628 4318 ad
640 4258 744 4332 nuptiss
758 4257 983 4333 procreandosque
994 4257 1093 4314 liberos
1106 4258 1281 4326 consolantes,
1298 4254 1389 4328 quales
