3067 4800
545 183 935 272 cuaouocnnruu.
1066 263 1069 272 .
1223 198 1297 274 471

266 363 437 450 Εόριπίόης
451 365 682 457 τραγῳδοποιὸς
693 367 879 452 ίγνωρίζετο.

265 465 481 556 Πρωταγόρας
504 466 520 536 ό
543 470 695 557 σοφιστὴς
717 470 844 557 ἤκμαζε.
871 466 985 538 τοότου
998 470 1234 557 Ἀθηναῖοιρτός
1246 477 1299 558 βί-

185 577 287 654 βλους
300 574 496 659 ἐψηφίσαντο
510 579 634 647 καῦσαι.

261 675 313 742 Ἔν
328 672 432 765 Ῥτόμη
446 673 539 742 πόλιν
551 674 675 743 imarus.

160 785 182 839 5
259 778 390 866 Ἄβαρις
399 777 616 868 Ὑπερβόρειος
625 771 842 866 χρησμολόγος
854 776 1037 869 ἓγνωρίζετο.

263 884 425 960 Μέλισσος
440 884 572 971 φυσικός
586 885 773 972 ίγνωρίζετο.
1310 905 1341 960 v,
1360 906 1411 962 198

267 989 395 1063 Φειδίας
411 985 550 1072 πλάστης
563 991 614 1053 καί
630 984 881 1076 ἀγαλματοποιός
894 985 1068 1076 ἔγνωρίζετο
1075 1035 1085 1067 ,
1113 984 1149 1064 iic
1161 985 1219 1074 τὴν
1233 988 1298 1055 ἱλε-

183 1091 336 1178 φαντίνην
343 1090 482 1175 Ἀθηνᾶν
498 1092 630 1176 έποίησε.

265 1194 435 1280 Θεαίτητος
449 1193 671 1279 μαθηματικός
683 1191 784 1279 ἤνθει.
1302 1197 1325 1252 Β

140 1311 177 1365 10
259 1295 310 1361 Ἕν
322 1296 438 1389 Ἰταλίη
453 1301 639 1380 Καμπανῶν
654 1296 748 1374 ἔθνος
763 1295 906 1381 συνίστη.

263 1398 461 1488 Δημόκριτος
478 1400 662 1488 Ἀβδηρίτης
677 1399 807 1490 φυσικός
830 1395 1002 1487 φιλόσοφος
1014 1395 1157 1482 ἤκμαζεν.
1186 1397 1295 1466 ένΑί-
1362 1467 1363 1471 ,
1400 1445 1406 1452 ·

182 1498 290 1596 γόπτῳ
314 1507 449 1590 μυηθεὶς
461 1501 523 1582 ὑπὸ
535 1502 689 1573 Ὀστόνου
701 1509 758 1571 τοῦ
777 1501 897 1588 Μήδου
914 1501 1081 1578 σταλέντος
1097 1502 1130 1566 ἐν
1141 1497 1296 1591 Αίγόπτῳ

183 1607 271 1694 παρὰ
291 1614 354 1672 τῶν
377 1613 546 1692 τηνικαῦτα
566 1608 720 1691 βασιλέων
738 1612 874 1699 Περσῶν
895 1604 999 1692 ἄρχειν
1017 1610 1079 1670 τῶν
1094 1605 1126 1669 ἓν
1139 1601 1294 1696 Αίγόπτρο

183 1710 292 1794 ἱεροῦν,
321 1711 353 1776 έν
373 1719 418 1801 τῷ
441 1712 513 1800 ἱερῷ
534 1719 592 1797 τῆς
605 1712 769 1798 Μέμφεως
774 1759 786 1792 ,
815 1709 873 1775 σόν
889 1708 995 1784 ἄλλοις
1011 1708 1121 1795 ἱερεῦσι
1135 1709 1186 1771 καί
1202 1713 1294 1796 φιλο-

139 1825 174 1881 15
184 1811 296 1899 σόψοις
302 1865 312 1894 ,
339 1816 372 1878 έν
394 1811 443 1892 οἷς
464 1809 504 1899 ἦν
527 1819 580 1880 καὶ
603 1818 720 1901 Μαρία
740 1839 788 1891 τις
797 1810 927 1900 ‘Epipolas
942 1811 1027 1898 σοφίη
1042 1813 1093 1876 καί
1108 1811 1292 1896 Παμμένης,

81 1907 85 1912 ’
182 1917 355 2002 συνέγραψε
378 1921 447 2003 περί
456 1925 578 2005 χρυσοῦ
593 1921 645 1984 καί
660 1914 796 2005 όργόρου
813 1920 864 1982 καί
878 1919 979 1983 λίθων
993 1917 1045 1982 καί
1059 1911 1224 2002 πορφόρας
1238 1922 1292 1981 λο-

182 2023 259 2097 ξῶς·
274 2017 389 2102 ὅμοίως
402 2024 436 2087 δέ
450 2024 501 2086 καὶ
512 2024 638 2107 Μαρία.
667 2019 741 2088 ἀλλ’
758 2011 845 2086 οὗτοι
857 2020 915 2102 μέν
929 2015 1129 2105 Δημόκριτος
1144 2019 1195 2082 καί
1210 2021 1292 2085 Μα-

181 2124 235 2207 ρία
252 2123 449 2210 ἐπῃνέθησαν
462 2125 548 2210 παρὰ
559 2121 725 2205 Ὀστόνου,
751 2121 795 2201 ὦς
808 2129 934 2199 πολλοῖς
945 2125 995 2188 καί
1012 2131 1122 2208 σοψοῒς
1135 2122 1292 2207 αἰνίγμασι

180 2223 356 2313 κρόψαντες
369 2226 428 2312 τὴν
444 2228 563 2312 τέχνην,
578 2228 771 2312 Παμμένους
785 2228 819 2293 δέ
833 2227 1028 2314 κατέγνωσαν
1042 2221 1194 2313 ἀφθόνως
1208 2223 1319 2313 ypsi-G

138 2342 313 2414 Ξοψαντος.

252 2498 276 2549 1.
301 2488 467 2563 εόρτππίόης
483 2494 538 2548 ΑΒ.
631 2495 659 2550 3.
682 2490 859 2563 ἐψηφίσαντο
877 2494 1005 2562 Scaliger.
1035 2485 1220 2561 ἐψηλάφησαν
1237 2496 1291 2548 τοῦ

250 2564 338 2635 vulgo.
438 2569 466 2620 5.
489 2564 598 2637 ἄβαρης
611 2565 642 2617 Β.
660 2571 765 2632 Αμαρις
783 2566 818 2619 G.
925 2564 1010 2633 Vulgo
1034 2560 1214 2635 Ὑπερβόρεος.

250 2638 277 2687 6.
295 2633 433 2696 Μέλισσος
450 2652 484 2686 οι.
501 2631 653 2703 μηολήσιος
668 2634 700 2687 B.
720 2632 858 2703 Μιλήσιος
875 2634 912 2687 G.
991 2638 1031 2689 10.
1049 2634 1213 2699 Καμπανῶν
1223 2632 1289 2685 Sea-

251 2704 326 2771 liger.
355 2704 505 2772 Legebntur
520 2704 567 2758 καὶ
584 2702 706 2757 Κόλπων
723 2702 849 2772 (salmoim
865 2704 921 2772 B.).
959 2704 1152 2771 Campanorum
1165 2703 1240 2756 notio
1260 2702 1288 2754 in

249 2774 332 2826 ltalia
354 2775 475 2825 coalescit
492 2772 623 2826 Eusebius
647 2790 671 2840 p.
690 2771 750 2829 340-
864 2775 906 2827 18.
930 2768 1007 2839 παρὰ
1027 2770 1132 2827 στόνου
1155 2772 1210 2829 ΑΒ.

249 2846 290 2898 19.
308 2837 473 2911 παμμενοός
486 2843 518 2895 Β.
535 2845 706 2910 Παμμενοός
718 2844 755 2902 G.
774 2840 926 2913 Παμμένης
943 2842 1070 2911 Scaliger.

247 2978 388 3048 Euripides
399 2978 590 3047 tragoediarum
603 2980 716 3049 scriptor
728 2979 846 3035 celebris.

172 3075 179 3097 ι
196 3118 204 3133 .
246 3049 406 3118 Protagoras
431 3048 551 3120 sophista
574 3048 691 3119 vigebat.
732 3050 820 3104 Huius
841 3050 923 3105 libros
947 3050 1009 3119 igne
1032 3050 1187 3103 damnarunt
1203 3047 1286 3102 aue-

178 3134 288 3172 manses.

247 3186 374 3240 Consules
388 3186 485 3240 Romae
495 3187 620 3257 reparati.

144 3275 150 3307 ι
248 3257 342 3309 Abaris
354 3256 540 3326 Hyperboreus
553 3257 658 3311 divinus
669 3258 697 3311 in
711 3256 797 3327 pretio
809 3256 929 3311 naboon.

247 3325 371 3379 Melissus
382 3326 507 3395 physicus
521 3328 719 3395 agnoscebatur.

247 3396 365 3465 Phydias
389 3396 486 3465 figulus
505 3403 534 3450 st
556 3398 700 3451 statuarius
726 3395 874 3467 praeclarus
901 3396 1029 3450 ebumeae
1052 3392 1189 3449 Minervas
1213 3392 1283 3447 scul-

179 3469 408 3587 mmmm
418 3532 614 3587 mathematicus
624 3533 742 3588 florebat.

247 3605 321 3655 Gens
333 3604 520 3673 Campanorum
534 3604 561 3656 in
573 3604 651 3655 ltalia
662 3602 812 3656 constituta.

245 3671 388 3725 Democriti
405 3672 547 3725 Abderitae
567 3671 671 3742 physici
683 3669 792 3742 'philoso
812 3670 839 3726 hi
859 3670 1021 3743 praeclarum
1044 3688 1143 3727 noman.
1177 3670 1230 3725 llic
1249 3672 1283 3725 ab

167 3742 279 3809 'Ostnno
295 3742 375 3794 Medo
390 3742 424 3795 ab
436 3741 492 3795 eius
511 3742 571 3795 aeri
582 3744 720 3795 Persarum
740 3689 845 3809 regiius
859 3758 989 3795 sacrorum
1009 3743 1188 3811 praefecturas
1201 3758 1284 3794 causa

179 3810 365 3879 inaegyptum
382 3810 461 3864 misso
478 3811 561 3865 sacris
578 3811 674 3866 litteris
687 3809 807 3865 initiatur
826 3819 854 3865 et
863 3811 1000 3875 imbuitur,
1021 3811 1048 3863 in
1065 3811 1194 3881 Memphis
1210 3811 1281 3873 lano,
1354 3834 1356 3839 ·

110 3876 114 3886 ’
178 3880 247 3932 inter
264 3878 414 3948 sacerdotes
433 3884 461 3933 et
480 3880 660 3964 philosophos,
683 3898 740 3933 cum
760 3880 854 3949 quibus
873 3887 930 3935 erat
948 3880 1034 3935 Maria
1048 3880 1139 3935 mulier
1155 3879 1283 3950 quaedam

177 3948 297 4003 Hebraea
309 3948 377 4002 omni
389 3949 580 4019 disciplsnarum
591 3968 688 4018 genere
699 3949 802 4004 exculta
810 3956 839 4004 et
844 3951 1010 4014 Pammenes,
1021 3949 1055 4005 de
1066 3968 1128 4003 auro
1136 3958 1163 4004 et
1173 3954 1283 4018 argento

177 4023 204 4071 et
225 4018 354 4087 lapidibus
372 4023 400 4072 et
420 4035 535 4089 purpura
547 4037 663 4074 sermone
678 4037 727 4092 per
742 4022 864 4142 ambaples
884 4021 1026 4091 composito
1038 4020 1160 4089 scripsit,
1177 4036 1228 4089 quo
1243 4018 1283 4070 di-

176 4087 250 4141 cendi
263 4104 360 4157 genere
371 4105 419 4141 nsa
437 4097 478 4142 est
492 4088 570 4143 etiam
581 4088 674 4143 Maria
707 4089 803 4143 Verum
835 4088 961 4160 ‘quidem
976 4089 1138 4143 Democritus
1156 4095 1183 4142 et
1196 4088 1283 4143 lilaria

176 4156 244 4225 qood
264 4156 454 4226 aenigmatibus
479 4157 596 4229 plurimis
612 4167 641 4213 et
658 4157 769 4212 eruditis
787 4166 868 4213 arten
885 4159 1059 4213 occultassent
1080 4158 1179 4213 laudati
1205 4165 1285 4225 suat}

177 4226 339 4290 Pammenes,
357 4228 427 4297 quod
441 4228 541 4282 abunde
553 4235 582 4281 et
594 4240 685 4299 aperte
697 4226 861 4300 scripsisset,
878 4229 1040 4300 vituperatus
1054 4235 1103 4285 est.

1417 4312 1515 4723 l
